@misc{https://doi.org/10.48550/arxiv.1705.01084,
  doi = {10.48550/ARXIV.1705.01084},
  url = {https://arxiv.org/abs/1705.01084},
  author = {Topaz, Adam},
  keywords = {Algebraic Geometry (math.AG), K-Theory and Homology (math.KT), FOS: Mathematics, FOS: Mathematics, 12G, 12J, 19D},
  title = {A Torelli Theorem for Higher-Dimensional Function Fields},
  publisher = {arXiv},
  year = {2017},
  copyright = {arXiv.org perpetual, non-exclusive license}
}

@misc{https://doi.org/10.48550/arxiv.1910.03563,
  doi = {10.48550/ARXIV.1910.03563},
  url = {https://arxiv.org/abs/1910.03563},
  author = {Topaz, Adam},
  keywords = {K-Theory and Homology (math.KT), Algebraic Geometry (math.AG), Number Theory (math.NT), FOS: Mathematics, FOS: Mathematics, 12E, 12F, 12G, 12J},
  title = {Recovering function fields from their integral $\ell$-adic cohomology with the Galois action},
  publisher = {arXiv},
  year = {2019},
  copyright = {arXiv.org perpetual, non-exclusive license}
}

@Article{zbMATH04023378,
 Author = {Arason, J{\'o}n Kr. and Elman, Richard and Jacob, Bill},
 Title = {Rigid elements, valuations, and realization of {Witt} rings},
 FJournal = {Journal of Algebra},
 Journal = {J. Algebra},
 ISSN = {0021-8693},
 Volume = {110},
 Pages = {449--467},
 Year = {1987},
 Language = {English},
 DOI = {10.1016/0021-8693(87)90057-3},
 Keywords = {11E04,12J10,11E16,12F99},
 zbMATH = {4023378},
 Zbl = {0629.10016}
}

@inproceedings{10.1145/3372885.3373824,
author = {The mathlib Community},
title = {The Lean Mathematical Library},
year = {2020},
isbn = {9781450370974},
publisher = {Association for Computing Machinery},
address = {New York, NY, USA},
url = {https://doi.org/10.1145/3372885.3373824},
doi = {10.1145/3372885.3373824},
booktitle = {Proceedings of the 9th ACM SIGPLAN International Conference on Certified Programs and Proofs},
pages = {367â€“381},
numpages = {15},
keywords = {formal proof, formal library, Lean, mathlib},
location = {New Orleans, LA, USA},
series = {CPP 2020}
}

@misc{lean-acl-pairs,
author = {Topaz, Adam},
year = {2022},
publisher = {GitHub},
journal = {GitHub Repository},
howpublished = {\url{https://github.com/adamtopaz/lean-acl-pairs}}
}

@InProceedings{10.1007/978-3-319-21401-6_26,
author="de Moura, Leonardo
and Kong, Soonho
and Avigad, Jeremy
and van Doorn, Floris
and von Raumer, Jakob",
editor="Felty, Amy P.
and Middeldorp, Aart",
title="The Lean Theorem Prover (System Description)",
booktitle="Automated Deduction - CADE-25",
year="2015",
publisher="Springer International Publishing",
address="Cham",
pages="378--388",
isbn="978-3-319-21401-6"
}

@InCollection{zbMATH00124400,
 Author = {Bogomolov, Fedor A.},
 Title = {On two conjectures in birational algebraic geometry},
 BookTitle = {Algebraic geometry and analytic geometry. Proceedings of a conference, held in Tokyo, Japan, August 13-17, 1990},
 ISBN = {4-431-70086-2},
 Pages = {26--52},
 Year = {1991},
 Publisher = {Tokyo etc.: Springer-Verlag},
 Language = {English},
 Keywords = {14H05,14F99,12G05,14E05,11G35},
 zbMATH = {124400},
 Zbl = {0789.14021}
}

@InCollection{zbMATH02078165,
 Author = {Bogomolov, Fedor and Tschinkel, Yuri},
 Title = {Commuting elements in {Galois} groups of function fields},
 BookTitle = {Motives, polylogarithms and Hodge theory. Part I: Motives and polylogarithms. Papers from the International Press conference, Irvine, CA, USA, June 1998},
 ISBN = {1-57146-090-X},
 Pages = {75--120},
 Year = {2002},
 Publisher = {Somerville, MA: International Press},
 Language = {English},
 Keywords = {11R58,11R32,14G32,14N20},
 zbMATH = {2078165},
 Zbl = {1048.11090}
}

@Article{zbMATH01489500,
 Author = {Efrat, Ido},
 Title = {Construction of valuations from {{\(K\)}}-theory},
 FJournal = {Mathematical Research Letters},
 Journal = {Math. Res. Lett.},
 ISSN = {1073-2780},
 Volume = {6},
 Number = {3-4},
 Pages = {335--343},
 Year = {1999},
 Language = {English},
 DOI = {10.4310/MRL.1999.v6.n3.a7},
 Keywords = {12J20,19F99,11E81},
 zbMATH = {1489500},
 Zbl = {0963.12003}
}

@Article{zbMATH00785379,
 Author = {Koenigsmann, Jochen},
 Title = {From {{\(p\)}}-rigid elements to valuations (with a Galois-characterization of {{\(p\)}}-adic fields)},
 FJournal = {Journal f{\"u}r die Reine und Angewandte Mathematik},
 Journal = {J. Reine Angew. Math.},
 ISSN = {0075-4102},
 Volume = {465},
 Pages = {165--182},
 Year = {1995},
 Language = {English},
 DOI = {10.1515/crll.1995.465.165},
 Keywords = {12J12,12J10,12G05,12F10},
 zbMATH = {785379},
 Zbl = {0824.12006}
}

@Article{zbMATH01135369,
 Author = {Engler, Antonio Jos{\'e} and Koenigsmann, Jochen},
 Title = {Abelian subgroups of pro-{{\(p\)}} {Galois} groups},
 FJournal = {Transactions of the American Mathematical Society},
 Journal = {Trans. Am. Math. Soc.},
 ISSN = {0002-9947},
 Volume = {350},
 Number = {6},
 Pages = {2473--2485},
 Year = {1998},
 Language = {English},
 DOI = {10.1090/S0002-9947-98-02063-7},
 Keywords = {12F10,12J20},
 zbMATH = {1135369},
 Zbl = {0999.12004}
}

@Article{zbMATH06778776,
 Author = {Topaz, Adam},
 Title = {Commuting-liftable subgroups of {Galois} groups. {II}},
 FJournal = {Journal f{\"u}r die Reine und Angewandte Mathematik},
 Journal = {J. Reine Angew. Math.},
 ISSN = {0075-4102},
 Volume = {730},
 Pages = {65--133},
 Year = {2017},
 Language = {English},
 DOI = {10.1515/crelle-2014-0115},
 Keywords = {12F10,11R32,14G32},
 zbMATH = {6778776},
 Zbl = {1407.12003}
}
